@inbook{part_pass,
  author = "Aspinall, David and Just, Mike",
  chapter = "``Give Me Letters 2, 3 and 6!'': Partial Password Implementations and Attacks",
  title = "Financial Cryptography and Data Security: 17th International Conference, FC 2013, Okinawa, Japan, April 1-5, 2013, Revised Selected Papers",
  year = "2013",
  publisher = "Springer Berlin Heidelberg",
  address = "Berlin, Heidelberg",
  pages = "126--143",
  isbn = "978-3-642-39884-1",
  doi = "10.1007/978-3-642-39884-1_11",
  url = "http://dx.doi.org/10.1007/978-3-642-39884-1_11"
}

@inbook{rockyou1,
  author = {Bonneau, Joseph and Just, Mike and Matthews, Greg},
  editor = {Sion, Radu},
  title = {What's in a Name?},
  bookTitle = {Financial Cryptography and Data Security: 14th International Conference, FC 2010, Tenerife, Canary Islands, January 25-28, 2010, Revised Selected Papers},
  year = "2010",
  publisher = {Springer Berlin Heidelberg},
  address = {Berlin, Heidelberg},
  pages = "98--113",
  isbn = "978-3-642-14577-3",
  doi = "10.1007/978-3-642-14577-3_10",
  url = "http://dx.doi.org/10.1007/978-3-642-14577-3_10"
}

@inbook{top500_pass,
  title={Perfect Password: Selection, Protection, Authentication},
  author={Burnett, M.},
  isbn={9780080489513},
  url={https://books.google.co.uk/books?id=18PMr6ra0UQC},
  year={2006},
  publisher={Elsevier Science}
}


@techreport{NIST_old,
  author = {Burr, William E. and Dodson, Donna F. and Newton, Elaine M. and Perlner, Ray A. and Polk, W. Timothy and Gupta, Sarbari and Nabbus, Emad A.},
  title = {SP 800-63-1. Electronic Authentication Guideline},
  year = {2011},
  publisher = {National Institute of Standards \& Technology},
  address = {Gaithersburg, MD, United States},
}

@techreport{NIST,
  author = {Paul A. Grassi and James L. Fenton},
  title = {{SP 800-63-3. Digital Authentication Guideline (Draft)}},
  institution = {National Institute of Standards \& Technology},
  year = {2016},
  month = {August},
  day = {5},
  publisher = {National Institute of Standards \& Technology},
  address = {Gaithersburg, MD, United States},
}

@techreport{mturk_demographic,
  author = {Ipeirotis, Panagiotis G.},
  title = {Demographics of Mechanical Turk},
  institution = {New York University},
  year = {2010},
  month = {March},
  day = {10},
  number = {;CeDER-10-01},
}

@techreport{NIST_storage,
  author = {Turan, Meltem S\"{o}nmez and Barker, Elaine B. and Burr, William E. and Chen, Lidong},
  title = {SP 800-132. Recommendation for Password-Based Key Derivation: Part 1: Storage Applications},
  year = {2010},
  publisher = {National Institute of Standards \& Technology},
  address = {Gaithersburg, MD, United States},
}

@article{privacy_westin,
  title = {Privacy indexes: a survey of Westin's studies},
  author = {Kumaraguru, Ponnurangam and Cranor, Lorrie Faith},
  year = {2005}
}

@article{turk1,
  author = {Buhrmester, Michael and Kwang, Tracy and Gosling, Samuel D.},
  title = {Amazon's Mechanical Turk: A New Source of Inexpensive, Yet High-Quality, Data?},
  journal = {Perspectives on Psychological Science},
  volume = {6},
  year = {2011},
  doi = {10.1177/1745691610393980},
  number = {1},
  pages = {3--5},
}

@article{analyzing_pass_str,
  title = {Analyzing password strength},
  author = {Devillers, Martin MA},
  journal = {Radboud University Nijmegen, Tech. Rep},
  volume = {2},
  year = {2010}
}

@article{the_password_problem,
  author = {Wiedenbeck, Susan and Waters, Jim and Birget, Jean-Camille and Brodskiy, Alex and Memon, Nasir},
  title = {PassPoints: Design and Longitudinal Evaluation of a Graphical Password System},
  journal = {Int. J. Hum.-Comput. Stud.},
  volume = {63},
  number = {1-2},
  month = jul,
  year = {2005},
  issn = {1071-5819},
  pages = {102--127},
  numpages = {26},
  url = {http://dx.doi.org/10.1016/j.ijhcs.2005.04.010},
  doi = {10.1016/j.ijhcs.2005.04.010},
  acmid = {1090418},
  publisher = {Academic Press, Inc.},
  address = {Duluth, MN, USA},
  keywords = {alphanumeric password, authentication, graphical password, passpoints, password security, usable security},
}

@article{openshift,
  title={OpenShift and Cloud Foundry PaaS: High-level Overview of Features and Architectures},
  author={Lomov, Alexander},
  journal={white paper, Altoros},
  year={2014}
}

@article{likert,
  title={Likert-type scale response anchors},
  author={Vagias, Wade M},
  journal={Clemson International Institute for Tourism \& Research Development, Department of Parks, Recreation and Tourism Management. Clemson University},
  year={2006}
}

@article{t_test,
  author = {Welch, B. L.},
  title = {The Generalization Of ‘{S}tudent's’ Problem When Several Different Population Varlances Are Involved},
  volume = {34},
  number = {1-2},
  pages = {28-35},
  year = {1947},
  doi = {10.1093/biomet/34.1-2.28},
  URL = {http://biomet.oxfordjournals.org/content/34/1-2/28.short},
  eprint = {http://biomet.oxfordjournals.org/content/34/1-2/28.full.pdf+html},
  journal = {Biometrika}
}

@article{chi_sq,
    author = {Karl Pearson F.R.S.},
    title = {X. On the criterion that a given system of deviations from the probable in the case of a correlated system of variables is such that it can be reasonably supposed to have arisen from random sampling},
    journal = {Philosophical Magazine Series 5},
    volume = {50},
    number = {302},
    pages = {157-175},
    year = {1900},
    doi = {10.1080/14786440009463897},
    URL = {http://dx.doi.org/10.1080/14786440009463897},
    eprint = {http://dx.doi.org/10.1080/14786440009463897}
}

@article{fips_SHS,
  title={180-4},
  author={FIPS, PUB},
  journal={Secure hash standard (SHS),” March},
  year={2012}
}

@article{fips_AES,
  title={197: Advanced encryption standard (AES)},
  author={Pub, NIST FIPS},
  journal={Federal Information Processing Standards Publication},
  volume={197},
  pages={441--0311},
  year={2001}
}

@inproceedings{turk2,
  author = {Kittur, Aniket and Chi, Ed H. and Suh, Bongwon},
  title = {Crowdsourcing User Studies with Mechanical Turk},
  booktitle = {Proceedings of the SIGCHI Conference on Human Factors in Computing Systems},
  series = {CHI '08},
  year = {2008},
  isbn = {978-1-60558-011-1},
  location = {Florence, Italy},
  pages = {453--456},
  numpages = {4},
  url = {http://doi.acm.org/10.1145/1357054.1357127},
  doi = {10.1145/1357054.1357127},
  acmid = {1357127},
  publisher = {ACM},
  address = {New York, NY, USA},
keywords = {Mechanical Turk, Wikipedia, micro task, remote user study},
}

@inproceedings{NIST_invalid,
  author = {Weir, Matt and Aggarwal, Sudhir and Collins, Michael and Stern, Henry},
  title = {Testing Metrics for Password Creation Policies by Attacking Large Sets of Revealed Passwords},
  booktitle = {Proceedings of the 17th ACM Conference on Computer and Communications Security},
  series = {CCS '10},
  year = {2010},
  isbn = {978-1-4503-0245-6},
  location = {Chicago, Illinois, USA},
  pages = {162--175},
  numpages = {14},
  url = {http://doi.acm.org/10.1145/1866307.1866327},
  doi = {10.1145/1866307.1866327},
  acmid = {1866327},
  publisher = {ACM},
  address = {New York, NY, USA},
  keywords = {cybercrime, password cracking, password policies},
}

@inproceedings{pass_policy,
  author = {Shay, Richard and Komanduri, Saranga and Kelley, Patrick Gage and Leon, Pedro Giovanni and Mazurek, Michelle L. and Bauer, Lujo and Christin, Nicolas and Cranor, Lorrie Faith},
  title = {Encountering Stronger Password Requirements: User Attitudes and Behaviors},
  booktitle = {Proceedings of the Sixth Symposium on Usable Privacy and Security},
  series = {SOUPS '10},
  year = {2010},
  isbn = {978-1-4503-0264-7},
  location = {Redmond, Washington, USA},
  pages = {2:1--2:20},
  articleno = {2},
  numpages = {20},
  url = {http://doi.acm.org/10.1145/1837110.1837113},
  doi = {10.1145/1837110.1837113},
  acmid = {1837113},
  publisher = {ACM},
  address = {New York, NY, USA},
  keywords = {passwords, policy, security, survey, usability},
}

@inproceedings{pass_policy_new,
  author = {Komanduri, Saranga and Shay, Richard and Kelley, Patrick Gage and Mazurek, Michelle L. and Bauer, Lujo and Christin, Nicolas and Cranor, Lorrie Faith and Egelman, Serge},
  title = {Of Passwords and People: Measuring the Effect of Password-composition Policies},
  booktitle = {Proceedings of the SIGCHI Conference on Human Factors in Computing Systems},
  series = {CHI '11},
  year = {2011},
  isbn = {978-1-4503-0228-9},
  location = {Vancouver, BC, Canada},
  pages = {2595--2604},
  numpages = {10},
  url = {http://doi.acm.org/10.1145/1978942.1979321},
  doi = {10.1145/1978942.1979321},
  acmid = {1979321},
  publisher = {ACM},
  address = {New York, NY, USA},
  keywords = {passwords, policy, security, usability},
}

@inproceedings{pass_policy_users_bad,
  author = {Summers, Wayne C. and Bosworth, Edward},
  title = {Password Policy: The Good, the Bad, and the Ugly},
  booktitle = {Proceedings of the Winter International Synposium on Information and Communication Technologies},
  series = {WISICT '04},
  year = {2004},
  location = {Cancun, Mexico},
  pages = {1--6},
  numpages = {6},
  url = {http://dl.acm.org/citation.cfm?id=984720.984724},
  acmid = {984724},
  publisher = {Trinity College Dublin},
}

@inproceedings{pass_popularity,
 author = {Schechter, Stuart and Herley, Cormac and Mitzenmacher, Michael},
  title = {Popularity is Everything: A New Approach to Protecting Passwords from Statistical-guessing Attacks},
  booktitle = {Proceedings of the 5th USENIX Conference on Hot Topics in Security},
  series = {HotSec'10},
  year = {2010},
  location = {Washinton, DC},
  pages = {1--8},
  numpages = {8},
  url = {http://dl.acm.org/citation.cfm?id=1924931.1924935},
  acmid = {1924935},
  publisher = {USENIX Association},
  address = {Berkeley, CA, USA},
}

@inproceedings{2fa_uk,
  author = {M. Just and D. Aspinall},
  booktitle = {Internet Technology And Secured Transactions, 2012 International Conference for},
  title = {On the security and usability of dual credential authentication in UK online banking},
  year = {2012},
  pages = {259-264},
  month = {Dec},
}

@inproceedings{pass_strength,
  author = {P. G. Kelley and S. Komanduri and M. L. Mazurek and R. Shay and T. Vidas and L. Bauer and N. Christin and L. F. Cranor and J. Lopez},
  booktitle = {Security and Privacy (S \& P), 2012 IEEE Symposium on},
  title = {Guess Again (and Again and Again): Measuring Password Strength by Simulating Password-Cracking Algorithms},
  year = {2012},
  pages = {523-537},
  keywords = {authorisation;authentication method;entropy estimates;heuristic password-guessing algorithms;password composition policies;password cracking;password security;password strength measurement;password-cracking algorithms;text-based passwords;training sets;Atmospheric measurements;Calculators;Dictionaries;Electronic mail;Entropy;Resistance;Training;authentication;passwords;user study},
  doi = {10.1109/SP.2012.38},
  ISSN = {1081-6011},
  month = {May},
}

@inproceedings{pass_strength_empirical,
  title = {Password Strength: An Empirical Analysis.},
  author = {Dell'Amico, Matteo and Michiardi, Pietro and Roudier, Yves},
  booktitle = {INFOCOM},
  volume = {10},
  pages = {983--991},
  year = {2010}
}

@inproceedings {strength_meter_effect,
  author = {Blase Ur and Patrick Gage Kelley and Saranga Komanduri and Joel Lee and Michael Maass and Michelle L. Mazurek and Timothy Passaro and Richard Shay and Timothy Vidas and Lujo Bauer and Nicolas Christin and Lorrie Faith Cranor},
  title = {How Does Your Password Measure Up? The Effect of Strength Meters on Password Creation},
  booktitle = {Presented as part of the 21st USENIX Security Symposium (USENIX Security 12)},
  year = {2012},
  isbn = {978-931971-95-9},
  address = {Bellevue, WA},
  pages = {65--80},
  url = {https://www.usenix.org/conference/usenixsecurity12/technical-sessions/presentation/ur},
  publisher = {USENIX},
}

@inproceedings{strength_meter_impact,
  author = {Egelman, Serge and Sotirakopoulos, Andreas and Muslukhov, Ildar and Beznosov, Konstantin and Herley, Cormac},
  title = {Does My Password Go Up to Eleven?: The Impact of Password Meters on Password Selection},
  booktitle = {Proceedings of the SIGCHI Conference on Human Factors in Computing Systems},
  series = {CHI '13},
  year = {2013},
  isbn = {978-1-4503-1899-0},
  location = {Paris, France},
  pages = {2379--2388},
  numpages = {10},
  url = {http://doi.acm.org/10.1145/2470654.2481329},
  doi = {10.1145/2470654.2481329},
  acmid = {2481329},
  publisher = {ACM},
  address = {New York, NY, USA},
  keywords = {passwords, security, user study},
}

@inproceedings{replace_pass,
  author = {J. Bonneau and C. Herley and P. C. v. Oorschot and F. Stajano},
  booktitle = {Security and Privacy (SP), 2012 IEEE Symposium on},
  title = {The Quest to Replace Passwords: A Framework for Comparative Evaluation of Web Authentication Schemes},
  year = {2012},
  pages = {553-567},
  doi = {10.1109/SP.2012.44},
  ISSN = {1081-6011},
  month = {May},
}

@inproceedings{reused_passwords,
  title = {A large-scale study of web password habits},
  author = {Florencio, Dinei and Herley, Cormac},
  booktitle = {Proceedings of the 16th international conference on World Wide Web},
  pages = {657--666},
  year = {2007},
  organization = {ACM}
}

@inproceedings{pass_str_meter_analysis,
  title = {From very weak to very strong: Analyzing password-strength meters},
  author = {de Carn{\'e} de Carnavalet, Xavier and Mannan, Mohammad},
  booktitle = {Network and Distributed System Security Symposium (NDSS 2014)},
  year = {2014},
  organization = {Internet Society}
}

@inproceedings {security_practices_experts,
  author = {Iulia Ion and Rob Reeder and Sunny Consolvo},
  title = {{\textquotedblleft}...No one Can Hack My Mind{\textquotedblright}: Comparing Expert and Non-Expert Security Practices},
  booktitle = {Eleventh Symposium On Usable Privacy and Security (SOUPS 2015)},
  year = {2015},
  month = {Jul},
  isbn = {978-1-931971-249},
  address = {Ottawa},
  pages = {327--346},
  url = {https://www.usenix.org/conference/soups2015/proceedings/presentation/ion},
  publisher = {USENIX Association},
}

@inproceedings{usability_system_assigned_pass,
  author = {Shay, Richard and Kelley, Patrick Gage and Komanduri, Saranga and Mazurek, Michelle L. and Ur, Blase and Vidas, Timothy and Bauer, Lujo and Christin, Nicolas and Cranor, Lorrie Faith},
  title = {Correct Horse Battery Staple: Exploring the Usability of System-assigned Passphrases},
  booktitle = {Proceedings of the Eighth Symposium on Usable Privacy and Security},
  series = {SOUPS '12},
  year = {2012},
  isbn = {978-1-4503-1532-6},
  location = {Washington, D.C.},
  pages = {7:1--7:20},
  articleno = {7},
  numpages = {20},
  url = {http://doi.acm.org/10.1145/2335356.2335366},
  doi = {10.1145/2335356.2335366},
  acmid = {2335366},
  publisher = {ACM},
  address = {New York, NY, USA},
  keywords = {passphrases, password composition policies, system-assigned passwords, usability},
}

@inproceedings{pass_management,
  title = {Expert password management},
  author = {Stobert, Elizabeth and Biddle, Robert},
  booktitle = {International Conference on Passwords},
  pages = {3--20},
  year = {2015},
  organization = {Springer}
}

@inproceedings{orm_edm,
  author = {O'Neil, Elizabeth J.},
  title = {Object/Relational Mapping 2008: Hibernate and the Entity Data Model (Edm)},
  booktitle = {Proceedings of the 2008 ACM SIGMOD International Conference on Management of Data},
  series = {SIGMOD '08},
  year = {2008},
  isbn = {978-1-60558-102-6},
  location = {Vancouver, Canada},
  pages = {1351--1356},
  numpages = {6},
  url = {http://doi.acm.org/10.1145/1376616.1376773},
  doi = {10.1145/1376616.1376773},
  acmid = {1376773},
  publisher = {ACM},
  address = {New York, NY, USA},
  keywords = {data model, entity data model, hibernate, impedance mismatch, object-relational mapping, persistence, schema mapping},
}

@misc{pass_death,
  title = {{Gates predicts death of the password}},
  howpublished = {\url{http://www.cnet.com/news/gates-predicts-death-of-the-password}},
  author = {Munir Kotadia},
  year = {2004},
  note = {Online; accessed 08/2016},
}

@misc{dropbox_str,
  title = {zxcvbn: realistic password strength estimation},
  howpublished = {\href{https://blogs.dropbox.com/tech/2012/04/zxcvbn-realistic-password-strength-estimation/}{https://blogs.dropbox.com/tech/2012/04/zxcvbn-realistic-password-strength-estimation/}},
  author = {Dan Wheeler},
  year = {2012},
  note = {Online; accessed 08/2016}
}

@misc{alexa_100,
  title = {{The top 500 sites on the web (US)}},
  howpublished = {\href{http://www.alexa.com/topsites/countries/US}{http://www.alexa.com/topsites/countries/US}},
  author = {{Alexa Internet, Inc}},
  year = {2016},
  note = {Online; accessed 08/2016}
}

@misc{linkedin_dump,
  title = {Protecting Our Members},
  howpublished = {\href{https://blog.linkedin.com/2016/05/18/protecting-our-members}{https://blog.linkedin.com/2016/05/18/protecting-our-members}},
  author = {Cory Scott},
  year = {2016},
  month = {May},
  note = {Online; accessed 08/2016}
}

@misc{python_flask,
  title = {{Flask (A Python Microframework)}},
  howpublished = {\href{http://flask.pocoo.org/}{http://flask.pocoo.org/}},
  author = {Armin Ronacher},
  note = {Online; accessed 08/2016}
}

@misc{bootstrap,
  title = {Bootstrap · {T}he world's most popular mobile-first and responsive front-end framework},
  howpublished = {\href{https://getbootstrap.com/}{https://getbootstrap.com/}},
  author = {Mark Otto and Jacob Thornton},
  note = {Online; accessed 08/2016}
}

@misc{sqlalchemy,
  title = {{The Python SQL Toolkit and Object Relational Mapper}},
  howpublished = {\href{http://www.sqlalchemy.org/}{http://www.sqlalchemy.org/}},
  author = {Michael Baye},
  note = {Online; accessed 08/2016}
}

@misc{postgresql,
  title = {{PostgreSQL: The world's most advanced open source database}},
  howpublished = {\href{https://www.postgresql.org/}{https://www.postgresql.org/}},
  note = {Online; accessed 08/2016}
}

@misc{top10m_pass,
  title = {Today I Am Releasing Ten Million Passwords},
  howpublished = {\href{https://xato.net/today-i-am-releasing-ten-million-passwords-b6278bbe7495}{https://xato.net/today-i-am-releasing-ten-million-passwords-b6278bbe7495}},
  year = {2015},
  author = {Mark Burnett},
  note = {Online; accessed 08/2016},
}

@misc{top10000_pass,
  title = {10,000 Top Passwords},
  howpublished = {\href{https://xato.net/10-000-top-passwords-6d6380716fe0}{https://xato.net/10-000-top-passwords-6d6380716fe0}},
  year = {2011},
  author = {Mark Burnett},
  note = {Online; accessed 08/2016},
}

